@book{halacy1970charles,
  title={Charles Babbage, father of the computer},
  author={Halacy, Daniel Stephen},
  year={1970},
  publisher={Macmillan Pub Co}
}

@incollection{mauchly1982use,
  title={The use of high speed vacuum tube devices for calculating},
  author={Mauchly, John W},
  booktitle={The Origins of Digital Computers},
  pages={355--358},
  year={1982},
  publisher={Springer}
}

@article{stern1979binac,
  title={The BINAC: a case study in the history of technology},
  author={Stern, Nancy},
  journal={Annals of the History of Computing},
  volume={1},
  number={1},
  pages={9--20},
  year={1979},
  publisher={IEEE}
}

@article{von1993first,
  title={First Draft of a Report on the EDVAC},
  author={Von Neumann, John},
  journal={IEEE Annals of the History of Computing},
  number={4},
  pages={27--75},
  year={1993},
  publisher={IEEE}
}

@book{wilkes1951preparation,
  title={The Preparation of Programs for an Electronic Digital Computer: With special reference to the EDSAC and the Use of a Library of Subroutines},
  author={Wilkes, Maurice Vincent},
  year={1951},
  publisher={Addison-Wesley Press}
}

@book{wilkes1985memoirs,
  title={Memoirs of a computer pioneer},
  author={Wilkes, Maurice},
  year={1985},
  publisher={Massachusetts Institute of Technology}
}

@article{amdahl1964architecture,
  title={Architecture of the IBM System/360},
  author={Amdahl, Gene M and Blaauw, Gerrit A and Brooks Jr, Frederick P},
  journal={IBM Journal of Research and Development},
  volume={8},
  number={2},
  pages={87--101},
  year={1964},
  publisher={IBM}
}